2610 4844
550 207 699 343 aar

94 414 360 485 tumnultu
372 415 482 496 (rusa.)
496 413 624 477 Historia
637 413 795 496 Religionis
814 414 930 479 escam
941 417 973 481 in
987 415 1098 500 belgio.
1117 412 1152 482 40

96 497 329 654 8141811716(ῗῖ
337 596 363 635 u.
378 592 600 653 sarsuruonus.

96 656 254 719 REIGER
267 659 326 732 (ro.
341 653 536 727 cunsaroru.)
551 650 732 713 introductio
749 653 779 714 in
793 655 926 714 notitiam
946 673 1046 718 rerum
1067 664 1152 717 natu·
1171 653 1176 660 ’

135 737 244 797 talium
257 743 286 794 et
298 743 358 793 arte
370 732 521 803 saetarum,
541 751 666 812 quarum
680 735 710 794 iu
722 734 872 795 communi
885 736 953 804 rita,
974 735 1025 795 sad
1047 738 1152 815 prasci.

137 833 199 893 pue
212 815 244 873 in
258 808 402 874 medicina
414 831 483 872 usus
495 819 548 871 est.
568 810 589 869 4
601 821 671 871 torn.
691 814 724 871 40
743 813 823 891 Hog.
837 812 925 882 1742,
938 815 967 871 3.

98 892 278 956 BEIHING
293 893 385 969 (rso.)
400 892 482 951 Muri
498 890 626 949 Civitatis
639 892 764 951 Sanctae.
785 894 819 951 4⁰
838 891 899 950 cot.
913 890 969 972 Ag.
984 890 1072 953 1615.

97 968 255 1035 REILLY
269 978 311 1050 (n.
326 968 371 1044 o')
385 971 512 1031 Annales
527 967 577 1029 des
590 971 662 1029 Aris
675 980 705 1032 et
718 969 946 1033 Manutsetures.
975 974 1015 1033 89
1028 981 1101 1033 tom.
1120 975 1153 1034 8⁰

139 1054 211 1114 Par.
227 1048 432 1111 lum-1813.
492 1112 495 1116 ,

99 1162 262 1184 ---
274 1130 353 1189 Essai
367 1147 415 1187 sur
427 1127 455 1188 le
466 1127 682 1188 Blanchiment.
702 1129 735 1188 8⁰
754 1131 823 1189 Par.
840 1127 931 1190 1801.
1020 1135 1028 1147 “

101 1210 272 1274 REIMAN
286 1207 469 1287 (aaruuosn)
485 1208 675 1287 Programma
688 1207 803 1268 Invitat.
816 1208 853 1269 nd
867 1209 951 1269 Orat.
964 1207 1102 1290 inaugur.
1122 1202 1156 1284 40

100 1291 304 1488 811111181ΝΝ
319 1365 591 1449 (cusrsmnrnan)
602 1365 648 1427 De
658 1365 1001 1428 Succiuoffleotrioorum
1014 1368 1158 1448 principe.

103 1449 356 1595 Blilbffiglffis
371 1524 511 1605 (croac.)
526 1524 571 1584 De
584 1523 728 1586 Vindiciis
740 1534 843 1586 contra
855 1522 1055 1605 Tyrannidem
1073 1526 1159 1603 justis

10 1671 13 1678 ,
112 1630 118 1641 ·
147 1618 237 1684 atque
250 1605 276 1664 ie
296 1608 385 1672 itimis
398 1606 507 1666 Oratio.
527 1607 559 1663 4⁰
580 1603 666 1666 1631.

104 1683 276 1753 REIMAN
310 1684 358 1746 US
381 1689 460 1762 (ron.
475 1684 573 1756 sunu)
598 1683 718 1743 Dissert.
737 1683 775 1744 de
797 1685 959 1764 praecipuis
982 1683 1160 1744 Diveraitstis

143 1766 324 1826 Morborum
337 1762 533 1841 fundamentis
552 1764 739 1824 &curatione
752 1763 874 1825 diversa.
915 1764 947 1822 4⁰
986 1763 1078 1843 lugd.
1092 1761 1161 1822 Bor.

107 1844 276 1986 afflata
290 1925 399 1999 (nanu.
414 1921 496 1995 sau.)
510 1941 537 1980 u.
553 1939 738 1982 curararum.
754 1941 830 1982 nrou
846 1921 965 1982 essum.

108 2000 328 2141 Wme
331 2003 505 2141 71s2r⁵asstantia
514 2000 649 2081 Corporis
659 2000 781 2062 humani
790 2019 853 2081 prae
864 2019 985 2080 corpore
994 1998 1162 2064 brutorum.

107 2191 271 2216 ----
283 2159 329 2221 De
338 2159 407 2223 Vita
418 2167 448 2219 et
460 2158 584 2240 Scriptis
595 2156 616 2218 J
617 2159 717 2219 oannis
726 2159 841 2219 Alberti
853 2157 988 2219 Fabricii.
1007 2159 1040 2218 8⁰
1058 2155 1166 2216 Humi·

24 2346 28 2359 ·
109 2239 384 2457 Rlffiiilliigiqgrou.)
398 2314 444 2378 De
456 2315 645 2398 Propontione
659 2293 783 2384 Musicae
796 2315 950 2390 Veterum,
963 2324 993 2376 et
1005 2323 1111 2377 nostra.
1131 2315 1165 2374 40

171 2417 214 2456 en.
310 2441 317 2456 .

111 2476 321 2543 REIMMAN
336 2479 411 2553 (rso.
425 2475 518 2550 ratu.)
536 2474 589 2536 'De
601 2474 667 2536 satis
691 2476 785 2536 Stadii
800 2475 984 2558 Genealogici
1007 2472 1087 2554 apud
1105 2473 1166 2534 He·

93 2580 96 2585 ·
153 2556 260 2624 braeos,
273 2556 403 2622 Graecos,
416 2554 570 2622 Romanos,
583 2557 751 2616 Germanos.
771 2557 803 2614 4⁰
824 2555 911 2615 1694.
1004 2551 1006 2558 ’

113 2667 273 2686 ---
287 2633 332 2693 De
346 2633 523 2693 Bibliotheca
536 2633 669 2693 Caesarea
681 2633 905 2694 vindobonensi.
935 2635 967 2693 8⁰
986 2631 1065 2692 Han.
1080 2629 1168 2689 1718.

113 2743 276 2853 Ἥ·-
289 2711 357 2773 Idea
378 2712 546 2792 systematis
567 2713 756 2790 Antiquitatis
781 2713 937 2773 Literariae.
977 2713 1009 2770 80
1047 2710 1170 2770 Haueris.

113 2900 278 2926 ---
290 2870 418 2931 Historia
433 2867 597 2931 universalis
609 2868 765 2939 Atheismi,
786 2877 815 2929 et
827 2867 1001 2929 Atheorum.
1032 2867 1064 2926 8⁰
1083 2865 1169 2926 Hiid.

115 3063 279 3086 ·-—-—-
290 3029 356 3089 Ilias
369 3035 434 3108 post
447 3028 621 3098 Homerum,
633 3028 692 3089 hoc
705 3037 758 3097 ast,
771 3027 951 3088 Incunabula
964 3026 1095 3086 omniurn
1109 3024 1172 3084 Sci·

157 3114 314 3179 cotiarum,
326 3127 362 3169 ex
372 3107 500 3168 Homero
512 3117 604 3178 eruta,
616 3117 645 3167 et
654 3108 844 3186 Systematice
856 3107 1009 3188 descripta·
1029 3107 1062 3166 80
1075 3105 1170 3184 [trag.

119 3298 280 3316 ---
295 3265 430 3327 Historiae
445 3267 616 3336 Litterariae,
637 3266 706 3335 sive,
728 3263 765 3324 de
781 3264 876 3324 Libris
889 3262 1089 3344 Genealogicis
1101 3260 1173 3322 rati·

161 3348 270 3417 oribus,
290 3346 512 3407 Commentatio.
532 3347 565 3404 80
585 3345 663 3422 Lr'ps.

119 3427 261 3496 REIMS,
280 3446 307 3485 v.
321 3443 441 3484 auarus.
921 3436 928 3445 ’
1127 3491 1129 3494 Α

120 3506 223 3568 REIN
235 3509 315 3582 (tort.
326 3504 410 3577 Dav.)
425 3504 544 3562 Disseri.
555 3528 609 3579 argi
622 3528 665 3568 της
677 3510 886 3575 Γυναικαγονιας.
905 3502 938 3559 4⁰
957 3497 1070 3578 Argunt.
1086 3497 1172 3559 1681.

120 3585 255 3645 REINA
269 3584 425 3663 (runcino)
439 3583 521 3641 Delle
534 3582 650 3642 Notizie
665 3580 803 3640 Istoriche
817 3581 848 3640 di
864 3581 999 3640 Messiua.
1020 3583 1121 3639 2tom.
1141 3580 1174 3636 4⁰

164 3663 284 3722 Mesriu.
301 3662 440 3722 165868.
622 3716 625 3719 ,

122 3742 257 3807 11Ε1ΝΑ
272 3741 379 3800 Senior.
410 3742 439 3799 A
453 3739 642 3800 Bemarkable
664 3737 862 3799 commercial
885 3738 974 3800 Point
993 3737 1123 3817 brought
1142 3743 1172 3795 to

167 3821 264 3898 Light.
275 3818 332 3902 tol.
353 3819 444 3890 lorrd.
459 3821 546 3879 1794.

122 3899 376 3961 REINALDIUS
391 3897 441 3971 (r.)
454 3919 479 3959 v.
495 3917 682 3957 usuouorus.

125 3977 406 4039 REINBATHIUS
422 3978 602 4053 (tonsuras)
626 3978 671 4035 De
684 3975 781 4054 Spatio
793 3993 883 4035 vacuo
897 3975 997 4036 Ideam
1013 3976 1112 4037 Lockii
1125 3992 1178 4034 ex·
1241 3998 1248 4018 i

168 4059 306 4116 aminans.
327 4059 360 4114 40
378 4056 436 4113 An.
455 4055 540 4115 1717.
1015 4119 1017 4124 ,

127 4134 338 4197 REINBECK
360 4139 502 4211 (scissura.
518 4135 659 4206 cusrnn)
684 4134 740 4192 Die
753 4135 848 4193 Natur
863 4134 913 4194 des
927 4133 1103 4194 Chestandes
1118 4127 1180 4188 und

171 4213 428 4352 ῗῗῦνετῦὶίοὓείᾐ
440 4213 490 4274 des
502 4213 631 4275 dauider
642 4212 818 4276 streitendeu
832 4213 1038 4275 Concubinats.
1058 4213 1090 4270 4⁰
1103 4209 1180 4270 Berl.

973 4438 1185 4502 REINBOTH
