2610 4844
563 200 743 278 STA·

123 352 263 413 STAGF·
303 351 350 412 A-ll
363 349 412 412 tbe
425 351 553 412 Worid's
567 371 584 411 a
598 354 696 429 stage,
706 372 731 427 ,a
743 353 843 412 Farce.
862 353 895 412 4⁰
914 352 1004 414 bord
1019 351 1110 416 1777.

123 430 464 492 STAGECOACHES.
505 431 731 511 Siagu-Coacbes
745 431 906 492 vindicated
928 435 1041 511 against
1061 432 1113 493 the
1125 433 1177 493 ob·

131 563 135 572 .
158 511 281 583 jections
294 509 329 568 of
342 509 420 569 John
439 510 562 570 Cresset.
583 509 631 568 fol.
656 509 740 570 1679.
859 556 862 560 .
965 529 971 536 ·

123 618 279 634 -——-—-
294 588 418 648 Reasons
431 588 475 648 for
487 592 673 666 suppressing
686 589 756 648 such
770 588 805 648 of
813 587 862 648 the
875 588 1110 669 Strage-Concha
1120 586 1178 649 'and

95 694 98 699 ·
130 708 134 715 -
163 667 306 729 Caravans
319 667 546 746 nowtraveiling
558 686 639 746 upon
652 665 699 725 tbe
713 667 811 727 Roads
819 668 854 728 os
866 668 999 747 England
1014 688 1048 729 as
1060 687 1112 728 are
1125 685 1179 729 un·

130 795 134 802 .
160 763 276 806 necessa
314 789 320 803 .
341 749 374 804 4⁰
1100 748 1104 754 '

123 765 450 884 STAGEPyLAYERS
473 823 640 902 complaint,
659 821 816 902 d'epioriugn
831 825 881 884 the
902 834 979 885 want
991 826 1028 886 oi'
1043 825 1179 906 employ·
1220 886 1224 893 ,

162 913 244 962 ment
257 906 287 962 in
300 904 350 962 the
363 907 433 962 time
446 903 481 963 of
495 904 546 962 the
559 902 686 982 Pingue:
707 903 879 984 adialogue.
898 906 930 963 4⁰
949 905 1043 965 lond.
1059 903 1150 965 1641.

123 980 265 1054 STAHL,
283 1002 426 1043 unsrun.
448 1002 546 1041 srnsr..
842 1037 846 1044 .

123 1059 256 1120 STAHL
270 1067 352 1140 (cua.
366 1060 447 1134 nau.)
464 1060 582 1119 Dissert.
597 1058 634 1118 de
645 1058 806 1120 diversitate
819 1053 976 1121 Medicinae
991 1061 1178 1141 Dogmaticae

161 1150 191 1199 et
204 1140 373 1219 Empiricae.
394 1142 426 1199 4⁰
446 1141 517 1217 Lug.
533 1139 600 1197 Bor.
617 1136 702 1199 1723.

123 1218 256 1279 STAHL
271 1220 370 1295 (unu.)
393 1218 520 1278 Exercit.
541 1215 578 1276 de
591 1217 759 1277 morborum
775 1216 945 1277 ‹iiii'erentiis
956 1227 987 1278 et
999 1228 1106 1280 causis.
1147 1223 1180 1298 4⁰

164 1300 259 1359 Giecr..
269 1299 355 1359 1619.
547 1354 550 1362 .

122 1374 255 1435 STAHL
270 1382 395 1454 (croac.
410 1376 535 1449 anuasr)
549 1395 576 1434 v.
591 1393 757 1434 counusru.

121 1486 280 1501 ---
292 1459 465 1534 Fragmenta
481 1454 653 1530 AEtioiogioe,
666 1456 722 1512 bc.
744 1453 793 1512 12⁰
812 1453 874 1512 Jeu.
890 1453 976 1514 1680.

120 1565 279 1581 --—
292 1536 413 1595 Dissert.
426 1534 463 1594 de
477 1534 630 1592 intestinis.
651 1534 683 1590 4⁰
701 1532 761 1590 Jen.
777 1527 863 1590 1684.

121 1641 277 1675 r--—.··
293 1613 521 1692 Propempticon
533 1609 570 1670 de
584 1620 764 1670 ΣΥΝΕΡΓΙΑ
781 1619 892 1670 naturae
907 1606 1110 1676 in'medendo.
1150 1618 1183 1678 4·

161 1693 234 1750 Hal.
248 1693 334 1771 Mag.
350 1692 436 1752 1695.
1176 1684 1182 1692 ’

120 1801 278 1823 -ψ---
292 1772 448 1831 Positiones
460 1771 498 1831 de
510 1768 708 1829 mechanismo
721 1775 816 1828 motus
835 1769 1003 1847 progressiri
1016 1774 1180 1853 sanguinis.

159 1850 192 1908 4·
212 1850 283 1908 Hal.
298 1850 383 1928 Mag.
399 1850 485 1909 1695.

120 1958 278 1976 ---
293 1929 474 1989 Problemata
485 1928 522 1988 de
535 1929 609 1989 febri
623 1930 652 1988 iu
667 1944 783 2006 genere.
808 1926 840 1983 4⁰
859 1925 931 1985 Hal.
943 1926 1031 2007 Mag.
1048 1927 1141 1998 1695,
1173 1999 1176 2003 ,

121 2037 279 2054 -—-
293 2008 511 2085 Observationes
525 2003 815 2087 Chymicomedicae.
836 2005 869 2063 8⁰
888 2004 991 2070 Frons.
1006 2008 1098 2070 1697.

448 2089 480 2146 8⁰
499 2089 599 2147 Fruuc.
614 2086 700 2146 1709.

118 2196 277 2214 ---
291 2167 501 2245 Zymotecbuia
513 2163 745 2225 fundamentalis.
765 2161 798 2221 8⁰
818 2162 920 2222 Frouc.
935 2162 1024 2225 1697.

119 2272 355 2291 ·-·-·-·--
371 2246 462 2304 Germ.
482 2245 514 2303 8⁰
529 2245 640 2303 Stetrr'rr.
655 2242 741 2300 1748.
1059 2282 1067 2296 s

120 2353 275 2460 ῖ-
292 2324 422 2385 Prolusio
434 2323 471 2384 de
483 2321 657 2390 certitudine
669 2321 749 2381 Artis
763 2318 902 2381 Medicae.
935 2323 967 2380 4⁰
999 2322 1074 2387 Hal.
1088 2324 1176 2408 Mag.

119 2510 278 2616 ·—M---
292 2482 519 2560 Propempticon
530 2479 568 2540 de
582 2476 826 2539 commotionibus
841 2481 994 2558 sanguinis.
1035 2485 1070 2543 4⁰
1102 2484 1174 2547 Hal.

197 2579 215 2618 o
236 2603 243 2618 .
260 2561 344 2621 1698.
1010 2558 1014 2565 Χ

120 2581 278 2778 ΤΞ·-
291 2640 519 2720 Propempticon
531 2636 568 2699 de
580 2655 672 2698 cornu
684 2636 761 2698 cervi
773 2634 908 2720 deciduo.
937 2642 972 2699 4⁰
1000 2639 1174 2722 HotMog.

118 2829 278 2847 ---
290 2799 515 2880 Propempticon
528 2796 565 2856 de
578 2796 737 2876 Empeiria.
757 2795 789 2852 4⁰
808 2797 881 2857 Hui.
895 2797 981 2876 Mag.
996 2797 1084 2858 1699.

118 2877 415 2956 ——r—Pnopem
436 2881 515 2938 ticon
536 2875 573 2934 de
587 2873 740 2935 sterilitate
763 2873 946 2936 ioeminarum
970 2896 1024 2957 per
1045 2887 1175 2948 aetatem.

157 2957 190 3014 4⁰
209 2959 281 3016 Hal.
295 2959 380 3036 Mug.
396 2898 482 3015 1499.

119 3062 278 3082 -·—-
291 3035 517 3113 Propempticon
525 3033 562 3093 de
571 3032 741 3093 abstinentia
752 3041 783 3090 et
792 3051 897 3092 nausea
904 3035 1036 3095 carnium
1048 3035 1080 3094 in
1092 3053 1176 3098 mor·

158 3113 317 3174 bisacutis.
337 3115 369 3172 4⁰
389 3115 460 3173 Hal.
474 3113 559 3250 Μαὲ.
575 3111 660 3171 1699.

120 3223 277 3242 ---
291 3193 516 3272 Propempticon
549 3189 782 3251 escariiicatione
800 3184 925 3250 Narium
936 3191 1176 3273 AEgyptiama4⁰

159 3273 231 3332 Hal.
244 3275 329 3352 Mag.
344 3271 430 3334 1701.

119 3380 278 3400 ———-
291 3353 517 3431 Propempticon
530 3349 567 3408 de
580 3347 741 3407 differentia
753 3348 872 3406 rationis
891 3351 918 3408 δι
938 3351 1172 3431 ratiocinationis.

109 3458 112 3463 ·
159 3431 192 3491 4⁰
211 3433 282 3492 Hal.
297 3431 382 3511 Mag.
398 3429 484 3489 1701.
1040 3496 1044 3500 .

120 3509 516 3588 *Propempticon
538 3505 575 3566 de
594 3504 687 3566 fistula
708 3503 889 3583 lachrymali.
927 3508 960 3565 4⁰
999 3509 1073 3571 Hal.
1086 3509 1174 3589 Mag.

103 3591 277 3719 -ΞῚ-ω-
291 3668 521 3747 Propempticon
533 3665 570 3726 de
583 3663 767 3746 opinionibus
779 3661 910 3726 medicis.
939 3666 973 3724 4⁰
999 3665 1073 3726 Hal.
1087 3664 1174 3746 Mag.

107 3745 277 3962 JK}
289 3826 515 3906 Propempticon
527 3823 565 3883 de
577 3824 724 3884 curatione
747 3824 779 3882 in
791 3823 900 3883 charta.
933 3825 965 3881 4⁰
998 3822 1072 3884 Hal.
1086 3822 1173 3903 Mag.

106 3903 275 4038 ...ι-07...-
289 3984 512 4062 Propempticon
524 3982 561 4044 de
571 3980 713 4077 metbodo
729 3979 901 4041 medicandi.
912 3996 920 4005 ·
933 3944 974 4039 4⁰
991 3976 1175 4061 'Ho1.'Mog.

120 4064 276 4191 Q
291 4142 348 4202 Pro
388 4144 518 4220 mpticon
542 4141 580 4203 de
601 4139 734 4224 periculo
755 4157 840 4201 nonae
863 4139 920 4201 diei
944 4141 976 4198 in
999 4140 1103 4199 acutis.
1143 4137 1178 4211 4⁰

158 4225 231 4288 Hac
245 4221 329 4303 Mag.
362 4225 431 4286 702.
879 4248 882 4259 ·

1040 4295 1177 4363 STAHL
